<?xml version="1.0" encoding="UTF-8"?><collection xmlns="http://www.loc.gov/MARC21/slim"><record><leader>00576nam--2200193-u-4500</leader><controlfield tag="001">000056875</controlfield><controlfield tag="002">20200911</controlfield><controlfield tag="005">20200911033542</controlfield><controlfield tag="008">200911s1000------------r-----000-0-rum-d</controlfield><datafield ind1=" " ind2=" " tag="040"><subfield code="a">IFIN-HH</subfield></datafield><datafield ind1=" " ind2=" " tag="041"><subfield code="a">rum</subfield></datafield><datafield ind1="1" ind2=" " tag="100"><subfield code="a">Rusu, Dorina N</subfield></datafield><datafield ind1="1" ind2="0" tag="245"><subfield code="a">Membrii Academiei Romane 1866-2016. Dictionar. Partea a II-a (M-Z, Anexe)</subfield><subfield code="c">Doina N. Rusu</subfield></datafield><datafield ind1=" " ind2=" " tag="250"><subfield code="a">Editia a V-a revazuta si adaugita</subfield></datafield><datafield ind1=" " ind2=" " tag="260"><subfield code="a">Bucuresti</subfield><subfield code="b">Editura Academiei Romane</subfield><subfield code="c">2016</subfield></datafield><datafield ind1=" " ind2=" " tag="300"><subfield code="a">947 p</subfield></datafield><datafield ind1=" " ind2=" " tag="500"><subfield code="a">Donatie Aca.d Nicolae Victor Zamfir</subfield></datafield><datafield ind1=" " ind2=" " tag="852"><subfield code="a">82818</subfield><subfield code="c">NVZ</subfield></datafield><datafield ind1=" " ind2=" " tag="CAT"><subfield code="a">SYS</subfield><subfield code="c">20200911</subfield><subfield code="h">033542</subfield></datafield></record></collection>